@book{abu,
  title={Learning from data},
  author={Abu-Mostafa, Yaser S and Magdon-Ismail, Malik and Lin, Hsuan-Tien},
  volume={4},
  year={2012},
  publisher={AMLBook Singapore}
}

@book{mla,
  title={Machine Learning Assignments, KU},
  author={Yevgeny Seldin and Christian Igel},
  volume={5},
  year={2016},
}

@misc{wiki:cd,
   author = {Wikipedia},
   title = {Coordinate descent - Wikipedia The Free Encyclopedia},
   year = {2016},
   url = {https://en.wikipedia.org/w/index.php?title=Coordinate_descent&oldid=747699222},
   note = {[Online; accessed 3-November-2016]}
}

@misc{so:norm,
    author = "Ansari",
    title = "Stack Overflow - Normalisation SVM, Random Forests",
    url = {http://stats.stackexchange.com/questions/57010/is-it-essential-to-do-normalization-for-svm-and-random-forest},
    urldate = {2017-1-22},
    journal = {Stats.stackexchange.com},
    year = {2017}
}
